@misc{checkpoint,
  author       = {{Check Point Software Technologies}},
  title        = {A Closer Look at Q3 2024: 75\% Surge in Cyber Attacks Worldwide},
  howpublished = {\url{https://blog.checkpoint.com/research/a-closer-look-at-q3-2024-75-surge-in-cyber-attacks-worldwide/}},
  year         = {2024},
  note         = {Accessed: 2025-01-07}
}

@article{SHAW201944,
title = {The non-monetary benefits of mobile commerce: Extending UTAUT2 with perceived value},
journal = {International Journal of Information Management},
volume = {45},
pages = {44-55},
year = {2019},
issn = {0268-4012},
doi = {https://doi.org/10.1016/j.ijinfomgt.2018.10.024},
author = {Norman Shaw and Ksenia Sergueeva},
keywords = {UTAUT2, Privacy concerns, Perceived value, Personal innovativeness, mobile commerce},

}
@misc{mef,
  author       = {{Mobile Ecosystem Forum}},
  title        = {Global Consumer Trust Report 2016},
  howpublished = {\url{https://mobileecosystemforum.com/programmes/personal-data/global-consumer-trust-report-2016/}},
  year         = {2016},
  note         = {Accessed: 2025-01-07}
}

@misc{starbucks,
  author       = {{USA Today Tech}},
  title        = {Starbucks customers' mobile accounts breached by thieves},
  howpublished = {\url{https://eu.usatoday.com/story/tech/2015/05/15/starbucks-gift-card-hack/27370491/}},
  year         = {20015},
  note         = {Accessed: 2025-01-08}
}

@misc{androidstudio,
  author       = {{Android Developers}},
  title        = {Android Studio Release Notes},
  howpublished = {\url{https://developer.android.com/studio/releases}},
  year         = {2024},
  note         = {Accessed: 2025-01-08}
}

@misc{googleoauth,
author       = {{Google Developers}},
title        = {OAuth 2.0 for Mobile \& Desktop Apps},
howpublished = {\url{https://developers.google.com/identity/protocols/oauth2/native-app}},
note         = {Accessed: 2025-01-08}
}

@misc{firebaseauth,
  author       = {{Firebase}},
  title        = {Firebase Authentication},
  howpublished = {\url{https://firebase.google.com/docs/auth}},
  note         = {Accessed: 2025-01-08}
}

@inbook{brown2021,
  title={A Novel Multimodal Biometric Authentication System Using Machine Learning and Blockchain},
  ISBN={9783030647582},
  ISSN={2367-3389},
  url={http://dx.doi.org/10.1007/978-3-030-64758-2_3},
  DOI={10.1007/978-3-030-64758-2_3},
  booktitle={Selected Papers from the 12th International Networking Conference},
  publisher={Springer International Publishing},
  author={Brown, Richard and Bendiab, Gueltoum and Shiaeles, Stavros and Ghita, Bogdan},
  year={2021},
  pages={31â€“46} 
}

@article{kunda2021,
  author={Kunda, Douglas and Chishimba, Mumbi},
  title={A Survey of Android Mobile Phone Authentication Schemes},
  journal={Mobile Networks and Applications},
  year={2021},
  month={Dec},
  day={01},
  volume={26},
  number={6},
  pages={2558-2566},
  issn={1572-8153},
  DOI={10.1007/s11036-018-1099-7},
  url={https://doi.org/10.1007/s11036-018-1099-7}
}

@article{ashibani2020,
  author={Ashibani, Yosef and Mahmoud, Qusay H.},
  journal={IEEE Access}, 
  title={A Multi-Feature User Authentication Model Based on Mobile App Interactions}, 
  year={2020},
  volume={8},
  number={},
  pages={96322-96339},
  keywords={Authentication;Mobile handsets;Smart homes;Object recognition;Knowledge based systems;Feature extraction;Mobile app interactions;continuous user authentication and identification;multi-class classification;smart home networks},
  doi={10.1109/ACCESS.2020.2996233}
}
